@misc{intro_1,
	title = {España acierta con el tiempo: así se realiza la más avanzada predicción meteorológica del mundo},
	author = {Benéitez Burgada, Beatriz},
	url = "https://www.lavanguardia.com/natural/20220210/8037717/como-se-realiza-prevision-tiempo-espana-nbs.html",
	Year = {2022}
}

@misc{intro_2,
	title = {La evolución de los instrumentos para medir el tiempo},
	author = {Gallego, Nacho},
	url = "https://www.informacion.es/vida-y-estilo/tecnologia/2009/04/15/evolucion-instrumentos-medir-tiempo-7355190.html",
	Year = {2009}
}

@misc{intro_3,
	title = {Predicciones meteorológicas: cómo funcionan y por qué a veces fallan},
	author = {Pozo, Desirée},
	url = "https://hipertextual.com/2021/04/como-funciona-las-predicciones-meteorologicas-y-por-que-a-veces-fallan",
	Year = {2021}
}

@misc{intro_4,
	title = {Smart Home},
	url = "https://sites.google.com/ual.es/hpca/infrastructure/smart-home"
}

@misc{intro_5,
    title = {Desde la domótica de los años setenta hasta hoy: La historia y evolución del estándar KNX},
	author = {Cabezas, Jose Luis},
	url = "https://smart-lighting.es/historia-evolucion-estandar-knx/",
	Year = {2020}
}

@online{intro_6,
    title = {Schneider Electric KNX Catalogue},
	author = {Schneider Electric},
	url = "https://download.schneider-electric.com/files?p_enDocType=Catalog&p_File_Name=LSB02779_EN_KNX_Catalogue_09_2022.pdf&p_Doc_Ref=LSB02779_EN_KNX_Web_2022",
	Year = {2022}
}

@online{cap3_1,
    title = {SpaceLYnk (LSS100200) for Firmware 2.8.0 - User Guide},
	author = {Schneider Electric},
	url = "https://download.schneider-electric.com/files?p_enDocType=User+guide&p_File_Name=SpaceLYnk+%28LSS100200%29+for+Firmware+2_8_0+-+User+Guide+%28Version+Q%29.pdf&p_Doc_Ref=AR1796_EdQ_EO",
	Year = {2022}
}

@online{cap3_2,
    title = {KNX Catalogue 2022},
	author = {Schneider Electric},
	url = "https://download.schneider-electric.com/files?p_enDocType=Catalog&p_File_Name=LSB02779_EN_KNX_Catalogue_09_2022.pdf&p_Doc_Ref=LSB02779_EN_KNX_Web_2022",
	Year = {2022}
}

@online{cap3_3,
    title = {Guía del usuario del sistema MTN6005-0001.},
	author = {Schneider Electric},
	url = "https://download.schneider-electric.com/files?p_Doc_Ref=A_MTN6005-0001_ES&p_enDocType=System+user+guide&p_File_Name=A_MTN6005-0001_ES.pdf",
	Year = {s.f.}
}

@online{cap3_4,
    title = {Python Tutorial},
	author = {},
	url = "https://docs.python.org/es/3/tutorial/index.html",
	Year = {2023}
}

@online{cap3_5,
    title = {Visual Studio Code Documentation},
	author = {},
	url = "https://code.visualstudio.com/docs",
	Year = {2023}
}

@online{cap3_6,
    title = {git Documentation},
	author = {},
	url = "https://git-scm.com/docs/git",
	Year = {2023}
}

@online{cap4_1,
    title = {Docker Image with InfluxDB and Grafana},
	author = {Phil Hawthorne},
	url = "https://hub.docker.com/r/philhawthorne/docker-influxdb-grafana/",
	Year = {2022}
}

@online{cap4_2,
    title = {Using influx - InfluxDB command line interface},
	author = {InfluxData Inc},
	url = "https://docs.influxdata.com/influxdb/v1/tools/shell/#influx-commands",
	Year = {s.f.}
}

@online{cap4_3,
    title = {MongoDB Docker Image},
	author = {Docker Community},
	url = "https://hub.docker.com/_/mongo",
	Year = {s.f.}
}

----------------------------------------------------

@book{first,
    author = {Kunnappilly, Ashalatha and Seceleanu, Cristina and Lindén, Maria},
    year = {2016},
    title = {Do We Need an Integrated Framework for Ambient Assisted Living?},
    isbn = {978-3-319-48798-4},
    doi = {10.1007/978-3-319-48799-1_7}
}

@book{second,
    author={Schwartz, Marco},
    title={Building Smart Homes with Raspberry Pi Zero},
    year={2016},
    isbn={9781786469861},
    publisher={Packt Publishing}
}

@book{third,
    author={van Hoof, Joost  and Demiris, George and Wouters, Eveline},
    year={2016},
    title={Handbook of Smart Homes, Health Care and Well-Being},
    isbn={9783319015828},
    publisher={Springer International Publishing}
}

@book{fourth,
    author={Hanes, David and Salgueiro, Gonzalo and Grossetete, Patrick},
    title={IoT Fundamentals: Networking Technologies, Protocols, and Use Cases for the Internet of Things},
    year={2017},    
    isbn={9780134307084},
    publisher={Pearson Education}
}

@book{fifth,
    author={Geng, Hwaiyu},
    title={Internet of Things and Data Analytics Handbook},
    year={2017},
    isbn={9781119173649},
    lccn={2016039867},
    publisher={Wiley}
}

@book{sixth,
    author={Xiao, Yang},
    title={Bio-Inspired Computing and Networking},
    year={2016},
    isbn={9781420080339},
    lccn={2011282250},
    publisher={CRC Press}
}

@book{seventh,
    author={Equipo V{\'e}rtice},
    title={Introducci{\'o}n a internet},
    year={2007},    
    isbn={9788492598267},
    publisher={Publicaciones V{\'e}rtice SL}
}

@book{eighth,
    author={Henry, Jerome},
    title={Internet of Things (IoT) Fundamentals},
    year={2017},
    publisher={Pearson}
}

@book{nineth,
    title={?`Qu{\'e} es un diagrama de Gantt?},
    author={Rebi{\`e}re, Cristina and Rebi{\`e}re, Olivier},
    url={https://books.google.es/books?id=37uEDwAAQBAJ},
    publisher={Rebiere}
}

@book{tenth,
    author={Wilson, Eddy},
    title={MERN Quick Start Guide: Build web applications with MongoDB, Express.js, React, and Node},
    year={2018},
    isbn={9781787280045},
    publisher={Packt Publishing}
}

@book{eleventh,
    author={Flanagan, David},
    title={JavaScript: The Definitive Guide},
    year={2011},   
    isbn={9780596805524},
    lccn={2011377767},
    publisher={O'Reilly Media, Incorporated}
}

@book{twelfth,
    title={Programaci{\'o}n en Internet: clientes Web},
    author={Luján Mora, Sergio},
    isbn={9788484541189},
    url={https://books.google.es/books?id=2VxcwMst6RYC},
    year={2001},
    publisher={Editorial Club Universitario}
}

@book{thirteenth,
    author={Sawyer McFarland, David},
    title={CSS: The Missing Manual},
    year={2006},
    isbn={9780596526870},
    lccn={2006285741},
    publisher={O'Reilly Media, Incorporated}
}

@book{fourteenth,
    author={Cerrato, Sara Ignacio and Poletti, José Luis Vázquez and Izquierdo, David Pacios},
    title={BaSiX: LaTeX B{\'a}sico con Ejercicios Resueltos},
    year={2018},
    isbn={9781719876155},
    publisher={Independently Published}
}

@book{fifteenth,
    author={Sole, Alessandro Del},
    title={Visual Studio Code Distilled: Evolved Code Editing for Windows, macOS, and Linux},
    year={2018},
    isbn={9781484242247},
    publisher={Apress}
}

@book{sixteenth,
    author={Michelson, Dale},
    title={Onedrive 2017 for Beginners: An Easy Guide to the Best Features},
    year={2017},
    isbn={9781546587071},
    publisher={CreateSpace Independent Publishing Platform}
}

@book{seventeenth,
    title =     "Insomnia",
    url =       "https://insomnia.rest/"
}

@book{eighteenth,
    author={Kelly, James Floyd},
    title={3D Modeling and Printing with Tinkercad: Create and Print Your Own 3D Models},
    year={2014},
    isbn={9780133798111},
    publisher={Pearson Education}
}

@book{nineteenth,
    author={Horvath, Joan and Cameron, Rich},
    title={Mastering 3D Printing in the Classroom, Library, and Lab},
    year={2018},    
    isbn={9781484235010},
    publisher={Apress}
}

@book{twentieth,
    author={Villoria, Liliana Noemí},
    title={APLICACIONES WEB 2.0 - Google docs: },
    year={2009},
    isbn={9789871518715},
    publisher={Eduvim - Editorial Universitaria Villa Mar{\'i}a}
}


@book{twentyfirst,
    title = "GreenShot",
    url = "https://getgreenshot.org/"
}

@book{twentysecond,
    author={Usaola, Macario Polo},
    title={MongoDB: gesti{\'o}n, administraci{\'o}n y desarrollo de aplicaciones},
    year={2015},
    publisher={Macario Polo Usaola}
}

@book{twentyrhird,
    author={Holmes, Simon},
    title={Mongoose for Application Development},
    year={2013},
    isbn={9781782168201},
    publisher={Packt Publishing}
}

@book{twentyfourth,
    author={Archer, Ralph},
    title={Express.js: Web App Development With Node.js Framework},
    year={2016},
    isbn={9781530924073},
    publisher={CreateSpace Independent Publishing Platform}
}

@book{twentyfifth,
    title={Nodejs Programming By Example},
    author={Kurniawan, Agus},
    url={https://books.google.es/books?id=PT4UAgAAQBAJ},
    publisher={PE Press}
}

@book{twentysixth,
    author={Svekis, Laurence},
    title={AJAX Using JavaScript Libraries JQuery and Axios},
    year={2018},
    publisher={Packt Publishing}
}

@book{twentyseventh,
    author={Lopez, Lionel},
    title={React: Guia Rapida Paso a Paso Para Aprender La Biblioteca React de JavaScript},
    isbn={9781985068773},
    year={2018},
    publisher={CreateSpace Independent Publishing Platform}
}

@book{twentyeighth,
    author={Hernandez, Victor},
    title={Arduino: 2020 Gu{\'i}a para principiantes de programaci{\'o}n en Arduino paso a paso},
    year={2020},
    isbn={9798611788035},
    publisher={Independently Published}
}

@book{twentninth,
    title =     "Comunicación de Arduino con puerto serie",
    url =       "https://www.luisllamas.es/arduino-puerto-serie/",
    year =      "2014"
}

@book{thirtieth,
    title =     "WiFiNINA library",
    url =       "https://www.arduino.cc/en/Reference/WiFiNINA"
}

@book{thirtyfirst,
    title =     "ISCP header",
    url =       "https://aprendiendoarduino.wordpress.com/2016/11/06/icsp/"
}

@book{thirtysecond,
    title =     "WiFiUDP",
    url =       "https://www.arduino.cc/en/Reference/WiFiUDPConstructor",
    year =      "2014"
}

@book{thirtythird,
    title =     "UDP/Datagram Sockets",
    url =       "https://nodejs.org/api/dgram.html"
}

@book{thirtyfourth,
    title =     "Internet de las cosas: cuando todo está conectado",
    url =       "https://www.lavanguardia.com/vida/junior-report/20190301/46752655177/internet-cosas-dispositivos-conectados-iot.html"
}

@book{thirtyfifth,
    author=     {Teicher, Jordan},
    title =     "The little-known story of the first IoT device",
    url =       "https://www.lavanguardia.com/vida/junior-report/20190301/46752655177/internet-cosas-dispositivos-conectados-iot.html",
    year =      {2018}
}